<?xml version="1.0" encoding="UTF-8"?><collection xmlns="http://www.loc.gov/MARC21/slim"><record><leader>00476nam--2200181-i-4500</leader><controlfield tag="001">000013737</controlfield><controlfield tag="002">20161230</controlfield><controlfield tag="005">20170122112906</controlfield><controlfield tag="008">060222s1000------------r-----000-0-eng-d</controlfield><datafield ind1=" " ind2=" " tag="020"><subfield code="a">986</subfield></datafield><datafield ind1=" " ind2=" " tag="100"><subfield code="a">Hasselgren, L</subfield></datafield><datafield ind1=" " ind2=" " tag="245"><subfield code="a">A Determination Of The Sign Of P3=mo1+...+for 194pt</subfield></datafield><datafield ind1=" " ind2=" " tag="260"><subfield code="a">Uppsala</subfield><subfield code="b">Institute Of Physics</subfield><subfield code="c">1978</subfield></datafield><datafield ind1=" " ind2=" " tag="300"><subfield code="a">7 p. + 2 Fig</subfield></datafield><datafield ind1=" " ind2=" " tag="490"><subfield code="a">Uuip</subfield></datafield><datafield ind1=" " ind2=" " tag="700"><subfield code="a">Fahlander, C</subfield></datafield><datafield ind1=" " ind2=" " tag="852"><subfield code="a">546.92:539.144.3(047.3)</subfield></datafield><datafield ind1=" " ind2=" " tag="CAT"><subfield code="a">SYS</subfield><subfield code="c">20170122</subfield><subfield code="h">112906</subfield></datafield></record></collection>